@book{feynman1964,
  author       = {Richard P. Feynman and Robert B. Leighton and Matthew Sands},
  title        = {The Feynman Lectures on Physics},
  volume       = 1,
  date         = 1964,
  isbn         = {978-0-465-02414-8},
  publisher    = {California Institute of Technology and Michael A. Gottlieb and Rudolf Pfeiffer},
  langid       = {english},
  url          = {https://www.feynmanlectures.caltech.edu/I_01.html}
}

@book{foot2005,
  author       = {Foot, Christopher J.},
  title        = {Atomic Physics},
  year         = {2005},
  isbn         = {978-0-19-850695-9},
  series       = {Oxford Master Series in Physics},        
  publisher    = {Oxford University Press},
  langid       = {english}
}

@article{MassRb,
  title         = {Penning Trap Measurements of the Masses of $^{133}Cs$, $^{87,85}Rb$, and $^{23}Na$ with Uncertainties $\ensuremath{\le}0.2$ ppb},
  author        = {Bradley, Michael P. and Porto, James V. and Rainville, Simon and Thompson, James K. and Pritchard, David E.},
  journal       = {Phys. Rev. Lett.},
  volume        = {83},
  issue         = {22},
  pages         = {4510--4513},
  numpages      = {0},
  year          = {1999},
  month         = {Nov},
  publisher     = {American Physical Society},
  doi           = {10.1103/PhysRevLett.83.4510},
  url           = {https://link.aps.org/doi/10.1103/PhysRevLett.83.4510}
}

@misc{H2,
  author       = {Benedikter, Julia and Hümmer, Thomas and Mader, Matthias},
  title        = {Fortgeschrittenenpraktikum Versuch H2: Laserspektroskopie},
  date         = {6.5.2021},
  location     = {Ludwig-Maximilians-Universität München},
  url          = {http://www2.mpq.mpg.de/~haensch/pdf/Versuch H2 Laserspektroskopie7_main.pdf}
}

@misc{Steck85,
    author      =   {Steck, Daniel A.},
    title       =   {Rubidium 85 D Line Data},
    year        =   {2021},
    month       =   {July},
    location    =   {University of Oregon},
    url         =   {https://steck.us/alkalidata/rubidium85numbers.pdf}
}

@misc{Steck87,
    author      =   {Steck, Daniel A.},
    title       =   {Rubidium 87 D Line Data},
    year        =   {2021},
    month       =   {July},
    Location    =   {University of Oregon},
    url         =   {https://steck.us/alkalidata/rubidium87numbers.pdf}
}

@book{DemE4,
  author       = {Demtröder, Wolfgang},
  title        = {Experimentalphysik 3: Atome, Moleküle und Festkörper},
  year         = {2016},
  isbn         = {978-3-66-249094-5},
  series       = {Auflage 5},        
  publisher    = {Springer, Berlin},
}

@book{Bloch,
  author       = {Prof.Dr. Bloch},
  title        = {E4 Atom und Molekülphysik},
  year         = {2016},
  location     = {LMU München},
  url          = {https://www2.physik.uni-muenchen.de/lehre/vorlesungen/sose_20/E4-E4p-Atom-und-Molekuelphysik/vorlesung/_auth/Atomphysik.pdf}
}


@misc{HWZ,
  author       = {Chemie.de},
  title        = {Rubidium},
  year         = {},
  location     = {},
  url          = {https://www.chemie.de/lexikon/Rubidium.html}
}

@book{Hunkl,
  author       = {Siegfried Hunklinger},
  title        = {Festkörperphysuk},
  year         = {2018},
  isbn         = {978-3-11-056775-5},
  series       = {Auflage 5},        
  publisher    = {De Gruyter, Oldenbourg},
}

@misc{Krükow,
    author      =   {Krükow, Artjom},
    title       =   {Laserspektroskopie der Rubidium D2 Linie},
    year        =   {2012},
    month       =   {September},
    Location    =   {Universität Ulm},
    url         =   {http://wwwex.physik.uni-ulm.de/lehre/fortgeschrittenenpraktikum/fp/Laserspektroskopie.pdf}
}

@book{Demt,
  author       = {Wolfgang Demtröder},
  title        = {Laserspektroskopie, Grundlagen und Techniken},
  year         = {2000},
  isbn         = {978-3-540-33795-8},
  series       = {Auflage 4},        
  publisher    = {Springer, Berlin},
}

@article{KalSät,
  author       = {Michael Bacher},
  title        = {Sättigungsspektroskopie an Kalziundampf und Laserstabilisierung für Photoionisationsexperimente},
  year         = {2005},
  location     = {Institut für Experimentalphysik der Universität Innsbruck},
  url          = {https://quantumoptics.at/images/publications/diploma/diplom_bacher.pdf}
}

@article{CäsSät,
  author       = {Kai-Martin Knaak},
  title        = {Sättigungsspektroskopie der Cäsium-D2-Linie im schwachen Magnetfeld},
  year         = {1993},
  location     = {Institut für Quantenoptik der Universität Hannover},
  url          = {http://www.familieknaak.de/kai-martin/plom}
}

